@ARTICLE{Rantala2018,
       author = {{Rantala}, Antti and {Johansson}, Peter H. and {Naab}, Thorsten and
         {Thomas}, Jens and {Frigo}, Matteo},
        title = "{The Formation of Extremely Diffuse Galaxy Cores by Merging Supermassive Black Holes}",
      journal = {\apj},
     keywords = {galaxies: individual: NGC 1600, galaxies: kinematics and dynamics, methods: numerical, Astrophysics - Astrophysics of Galaxies},
         year = 2018,
        month = Sep,
       volume = {864},
       number = {2},
          eid = {113},
        pages = {113},
          doi = {10.3847/1538-4357/aada47},
archivePrefix = {arXiv},
       eprint = {1805.10295},
 primaryClass = {astro-ph.GA},
       adsurl = {https://ui.adsabs.harvard.edu/abs/2018ApJ...864..113R},
      adsnote = {Provided by the SAO/NASA Astrophysics Data System}
}


@ARTICLE{Lahen2018,
       author = {{Lah{\'e}n}, Natalia and {Johansson}, Peter H. and {Rantala}, Antti and
         {Naab}, Thorsten and {Frigo}, Matteo},
        title = "{The fate of the Antennae galaxies}",
      journal = {\mnras},
     keywords = {methods: numerical, galaxies: evolution, galaxies: individual: NGC 4038/4039, galaxies: kinematics and dynamics, galaxies: starburst, Astrophysics - Astrophysics of Galaxies},
         year = 2018,
        month = Apr,
       volume = {475},
       number = {3},
        pages = {3934-3958},
          doi = {10.1093/mnras/sty060-},
archivePrefix = {arXiv},
       eprint = {1709.00010},
 primaryClass = {astro-ph.GA},
       adsurl = {https://ui.adsabs.harvard.edu/abs/2018MNRAS.475.3934L},
      adsnote = {Provided by the SAO/NASA Astrophysics Data System}
}

@ARTICLE{Zemp2011,
       author = {{Zemp}, Marcel and {Gnedin}, Oleg Y. and {Gnedin}, Nickolay Y. and
         {Kravtsov}, Andrey V.},
        title = "{On Determining the Shape of Matter Distributions}",
      journal = {\apjs},
     keywords = {methods: data analysis, methods: numerical, Astrophysics - Instrumentation and Methods for Astrophysics, Astrophysics - Galaxy Astrophysics},
         year = 2011,
        month = Dec,
       volume = {197},
       number = {2},
          eid = {30},
        pages = {30},
          doi = {10.1088/0067-0049/197/2/30},
archivePrefix = {arXiv},
       eprint = {1107.5582},
 primaryClass = {astro-ph.IM},
       adsurl = {https://ui.adsabs.harvard.edu/abs/2011ApJS..197...30Z},
      adsnote = {Provided by the SAO/NASA Astrophysics Data System}
}

@ARTICLE{Lauer2007,
       author = {{Lauer}, Tod R. and {Gebhardt}, Karl and {Faber}, S.~M. and
         {Richstone}, Douglas and {Tremaine}, Scott and {Kormendy}, John and
         {Aller}, M.~C. and {Bender}, Ralf and {Dressler}, Alan and
         {Filippenko}, Alexei V.},
        title = "{The Centers of Early-Type Galaxies with Hubble Space Telescope. VI. Bimodal Central Surface Brightness Profiles}",
      journal = {\apj},
     keywords = {Galaxies: Nuclei, Galaxies: Photometry, Galaxies: Structure, Astrophysics},
         year = 2007,
        month = Jul,
       volume = {664},
       number = {1},
        pages = {226-256},
          doi = {10.1086/519229},
archivePrefix = {arXiv},
       eprint = {astro-ph/0609762},
 primaryClass = {astro-ph},
       adsurl = {https://ui.adsabs.harvard.edu/abs/2007ApJ...664..226L},
      adsnote = {Provided by the SAO/NASA Astrophysics Data System}
}

@ARTICLE{Dullo2012,
       author = {{Dullo}, Bililign T. and {Graham}, Alister W.},
        title = "{Sizing up Partially Depleted Galaxy Cores}",
      journal = {\apj},
     keywords = {galaxies: elliptical and lenticular, cD, galaxies: fundamental parameters, galaxies: nuclei, galaxies: photometry, galaxies: structure, Astrophysics - Cosmology and Nongalactic Astrophysics},
         year = 2012,
        month = Aug,
       volume = {755},
       number = {2},
          eid = {163},
        pages = {163},
          doi = {10.1088/0004-637X/755/2/163},
archivePrefix = {arXiv},
       eprint = {1206.3845},
 primaryClass = {astro-ph.CO},
       adsurl = {https://ui.adsabs.harvard.edu/abs/2012ApJ...755..163D},
      adsnote = {Provided by the SAO/NASA Astrophysics Data System}
}


@ARTICLE{Thomas2016,
       author = {{Thomas}, Jens and {Ma}, Chung-Pei and {McConnell}, Nicholas J. and
         {Greene}, Jenny E. and {Blakeslee}, John P. and {Janish}, Ryan},
        title = "{A 17-billion-solar-mass black hole in a group galaxy with a diffuse core}",
      journal = {\nat},
     keywords = {Astrophysics - Astrophysics of Galaxies},
         year = 2016,
        month = Apr,
       volume = {532},
       number = {7599},
        pages = {340-342},
          doi = {10.1038/nature17197},
archivePrefix = {arXiv},
       eprint = {1604.01400},
 primaryClass = {astro-ph.GA},
       adsurl = {https://ui.adsabs.harvard.edu/abs/2016Natur.532..340T},
      adsnote = {Provided by the SAO/NASA Astrophysics Data System}
}


@ARTICLE{Cappellari2011,
   author = {{Cappellari}, M. and {Emsellem}, E. and {Krajnovi{\'c}}, D. and 
	{McDermid}, R.~M. and {Scott}, N. and {Verdoes Kleijn}, G.~A. and 
	{Young}, L.~M. and {Alatalo}, K. and {Bacon}, R. and {Blitz}, L. and 
	{Bois}, M. and {Bournaud}, F. and {Bureau}, M. and {Davies}, R.~L. and 
	{Davis}, T.~A. and {de Zeeuw}, P.~T. and {Duc}, P.-A. and {Khochfar}, S. and 
	{Kuntschner}, H. and {Lablanche}, P.-Y. and {Morganti}, R. and 
	{Naab}, T. and {Oosterloo}, T. and {Sarzi}, M. and {Serra}, P. and 
	{Weijmans}, A.-M.},
    title = "{The ATLAS$^{3D}$ project - I. A volume-limited sample of 260 nearby early-type galaxies: science goals and selection criteria}",
  journal = {\mnras},
archivePrefix = "arXiv",
   eprint = {1012.1551},
 keywords = {galaxies: distances and redshifts, galaxies: elliptical and lenticular, cD, galaxies: evolution, galaxies: formation, galaxies: kinematics and dynamics, galaxies: structure},
     year = 2011,
    month = may,
   volume = 413,
    pages = {813-836},
      doi = {10.1111/j.1365-2966.2010.18174.x},
   adsurl = {https://ui.adsabs.harvard.edu/abs/2011MNRAS.413..813C},
  adsnote = {Provided by the SAO/NASA Astrophysics Data System}
}


@ARTICLE{Emsellem2004,
   author = {{Emsellem}, E. and {Cappellari}, M. and {Peletier}, R.~F. and 
	{McDermid}, R.~M. and {Bacon}, R. and {Bureau}, M. and {Copin}, Y. and 
	{Davies}, R.~L. and {Krajnovi{\'c}}, D. and {Kuntschner}, H. and 
	{Miller}, B.~W. and {de Zeeuw}, P.~T.},
    title = "{The SAURON project - III. Integral-field absorption-line kinematics of 48 elliptical and lenticular galaxies}",
  journal = {\mnras},
   eprint = {astro-ph/0404034},
 keywords = {galaxies: bulges, galaxies: elliptical and lenticular, cD, galaxies: evolution, galaxies: formation, galaxies: kinematics and dynamics, galaxies: structure},
     year = 2004,
    month = aug,
   volume = 352,
    pages = {721-743},
      doi = {10.1111/j.1365-2966.2004.07948.x},
   adsurl = {https://ui.adsabs.harvard.edu/abs/2004MNRAS.352..721E},
  adsnote = {Provided by the SAO/NASA Astrophysics Data System}
}

@ARTICLE{Emsellem2011,
   author = {{Emsellem}, E. and {Cappellari}, M. and {Krajnovi{\'c}}, D. and 
	{Alatalo}, K. and {Blitz}, L. and {Bois}, M. and {Bournaud}, F. and 
	{Bureau}, M. and {Davies}, R.~L. and {Davis}, T.~A. and {de Zeeuw}, P.~T. and 
	{Khochfar}, S. and {Kuntschner}, H. and {Lablanche}, P.-Y. and 
	{McDermid}, R.~M. and {Morganti}, R. and {Naab}, T. and {Oosterloo}, T. and 
	{Sarzi}, M. and {Scott}, N. and {Serra}, P. and {van de Ven}, G. and 
	{Weijmans}, A.-M. and {Young}, L.~M.},
    title = "{The ATLAS$^{3D}$ project - III. A census of the stellar angular momentum within the effective radius of early-type galaxies: unveiling the distribution of fast and slow rotators}",
  journal = {\mnras},
archivePrefix = "arXiv",
   eprint = {1102.4444},
 keywords = {galaxies: elliptical and lenticular, cD, galaxies: evolution, galaxies: formation, galaxies: kinematics and dynamics, galaxies: structure},
     year = 2011,
    month = jun,
   volume = 414,
    pages = {888-912},
      doi = {10.1111/j.1365-2966.2011.18496.x},
   adsurl = {https://ui.adsabs.harvard.edu/abs/2011MNRAS.414..888E},
  adsnote = {Provided by the SAO/NASA Astrophysics Data System}
}

@ARTICLE{Veale2017veldisp,
       author = {{Veale}, Melanie and {Ma}, Chung-Pei and {Thomas}, Jens and
         {Greene}, Jenny E. and {McConnell}, Nicholas J. and {Walsh}, Jonelle and
         {Ito}, Jennifer and {Blakeslee}, John P. and {Janish}, Ryan},
        title = "{The MASSIVE Survey - V. Spatially resolved stellar angular momentum, velocity dispersion, and higher moments of the 41 most massive local early-type galaxies}",
      journal = {\mnras},
     keywords = {galaxies: elliptical and lenticular, cD, galaxies: evolution, galaxies: formation, galaxies: kinematics and dynamics, galaxies: structure, Astrophysics - Astrophysics of Galaxies, Astrophysics - Cosmology and Nongalactic Astrophysics},
         year = 2017,
        month = Jan,
       volume = {464},
       number = {1},
        pages = {356-384},
          doi = {10.1093/mnras/stw2330},
archivePrefix = {arXiv},
       eprint = {1609.00391},
 primaryClass = {astro-ph.GA},
       adsurl = {https://ui.adsabs.harvard.edu/abs/2017MNRAS.464..356V},
      adsnote = {Provided by the SAO/NASA Astrophysics Data System}
}

@ARTICLE{Veale2018lambda,
       author = {{Veale}, Melanie and {Ma}, Chung-Pei and {Greene}, Jenny E. and
         {Thomas}, Jens and {Blakeslee}, John P. and {Walsh}, Jonelle L. and
         {Ito}, Jennifer},
        title = "{The MASSIVE survey - VIII. Stellar velocity dispersion profiles and environmental dependence of early-type galaxies}",
      journal = {\mnras},
     keywords = {galaxies: elliptical and lenticular, cD, galaxies: evolution, galaxies: formation, galaxies: kinematics and dynamics, galaxies: structure, Astrophysics - Astrophysics of Galaxies, Astrophysics - Cosmology and Nongalactic Astrophysics},
         year = 2018,
        month = Feb,
       volume = {473},
       number = {4},
        pages = {5446-5467},
          doi = {10.1093/mnras/stx2717},
archivePrefix = {arXiv},
       eprint = {1708.00870},
 primaryClass = {astro-ph.GA},
       adsurl = {https://ui.adsabs.harvard.edu/abs/2018MNRAS.473.5446V},
      adsnote = {Provided by the SAO/NASA Astrophysics Data System}
}

@ARTICLE{Goullaud2018,
       author = {{Goullaud}, Charles F. and {Jensen}, Joseph B. and {Blakeslee}, John P. and
         {Ma}, Chung-Pei and {Greene}, Jenny E. and {Thomas}, Jens},
        title = "{The MASSIVE Survey. IX. Photometric Analysis of 35 High-mass Early-type Galaxies with HST WFC3/IR}",
      journal = {\apj},
     keywords = {galaxies: elliptical and lenticular, cD, galaxies: photometry, galaxies: structure, Astrophysics - Astrophysics of Galaxies},
         year = 2018,
        month = Mar,
       volume = {856},
       number = {1},
          eid = {11},
        pages = {11},
          doi = {10.3847/1538-4357/aab1f3},
archivePrefix = {arXiv},
       eprint = {1801.08245},
 primaryClass = {astro-ph.GA},
       adsurl = {https://ui.adsabs.harvard.edu/abs/2018ApJ...856...11G},
      adsnote = {Provided by the SAO/NASA Astrophysics Data System}
}

@ARTICLE{Mannerkoski2019,
author = {{Mannerkoski}, Matias and {Johansson}, Peter H. and {Pihajoki}, Pauli and {Rantala}, Antti and {Thorsten}, Naab},
title = "{Inspiral of Supermassive Black Holes In Galactic Scale Simulations}",
journal = {\mnras},
year = 2019,
        month = "?",
       volume = {856},
       number = {1},
          eid = {11},
        pages = {11},
          doi = {10.3847/1538-4357/aab1f3},
archivePrefix = {non},
       eprint = {1801.08245},
 primaryClass = {astro-ph.GA},
       adsurl = {juasdfas},
      adsnote = {Not Provided by the SAO/NASA Astrophysics Data System}
}

@BOOK{BinneyTremaine,
       author = {{Binney}, James and {Tremaine}, Scott},
        title = "{Galactic Dynamics: Second Edition}",
         year = "2008",
       adsurl = {https://ui.adsabs.harvard.edu/abs/2008gady.book.....B},
      adsnote = {Provided by the SAO/NASA Astrophysics Data System}
}

@BOOK{MerrittBook,
       author = {{Merritt}, David},
        title = "{Dynamics and Evolution of Galactic Nuclei}",
         year = "2013",
       adsurl = {https://ui.adsabs.harvard.edu/abs/2013degn.book.....M},
      adsnote = {Provided by the SAO/NASA Astrophysics Data System}
}

@ARTICLE{Graham2003,
       author = {{Graham}, Alister W. and {Erwin}, Peter and {Trujillo}, I. and
         {Asensio Ramos}, A.},
        title = "{A New Empirical Model for the Structural Analysis of Early-Type Galaxies, and A Critical Review of the Nuker Model}",
      journal = {\aj},
     keywords = {Galaxies: Elliptical and Lenticular, cD, Galaxies: Fundamental Parameters, Galaxies: Nuclei, Galaxies: Photometry, Galaxies: Structure, Astrophysics},
         year = "2003",
        month = "Jun",
       volume = {125},
       number = {6},
        pages = {2951-2963},
          doi = {10.1086/375320},
archivePrefix = {arXiv},
       eprint = {astro-ph/0306023},
 primaryClass = {astro-ph},
       adsurl = {https://ui.adsabs.harvard.edu/abs/2003AJ....125.2951G},
      adsnote = {Provided by the SAO/NASA Astrophysics Data System}
}

@ARTICLE{Lauer1995,
       author = {{Lauer}, T.~R. and {Ajhar}, E.~A. and {Byun}, Y. -I. and {Dressler}, A. and
         {Faber}, S.~M. and {Grillmair}, C. and {Kormendy}, J. and
         {Richstone}, D. and {Tremaine}, S.},
        title = "{The Centers of Early-Type Galaxies with HST.I.An Observational Survey}",
      journal = {\aj},
     keywords = {GALAXIES: ELLIPTICAL AND LENTICULAR, GALAXIES: NUCLEI, SURVEYS},
         year = "1995",
        month = "Dec",
       volume = {110},
        pages = {2622},
          doi = {10.1086/117719},
       adsurl = {https://ui.adsabs.harvard.edu/abs/1995AJ....110.2622L},
      adsnote = {Provided by the SAO/NASA Astrophysics Data System}
}

@ARTICLE{Bender1994,
       author = {{Bender}, R. and {Saglia}, R.~P. and {Gerhard}, O.~E.},
        title = "{Line-of-sight velocity distributions of elliptical galaxies.}",
      journal = {\mnras},
         year = "1994",
        month = "Aug",
       volume = {269},
        pages = {785-813},
          doi = {10.1093/mnras/269.3.785},
       adsurl = {https://ui.adsabs.harvard.edu/abs/1994MNRAS.269..785B},
      adsnote = {Provided by the SAO/NASA Astrophysics Data System}
}

@ARTICLE{Dehnen1993,
       author = {{Dehnen}, W.},
        title = "{A Family of Potential-Density Pairs for Spherical Galaxies and Bulges}",
      journal = {\mnras},
         year = "1993",
        month = "Nov",
       volume = {265},
        pages = {250},
          doi = {10.1093/mnras/265.1.250},
       adsurl = {https://ui.adsabs.harvard.edu/abs/1993MNRAS.265..250D},
      adsnote = {Provided by the SAO/NASA Astrophysics Data System}
}

@ARTICLE{Carollo1997,
       author = {{Carollo}, C. Marcella and {Franx}, Marijn and {Illingworth}, Garth D. and
         {Forbes}, Duncan A.},
        title = "{Ellipticals with Kinematically Distinct Cores: V - I Color Images with WPFC2}",
      journal = {\apj},
     keywords = {Galaxies: Elliptical and Lenticular, cD, Galaxies: Kinematics and Dynamics, Galaxies: Nuclei, Galaxies: Photometry, Galaxies: Stellar Content, Astrophysics},
         year = "1997",
        month = "May",
       volume = {481},
       number = {2},
        pages = {710-734},
          doi = {10.1086/304060},
archivePrefix = {arXiv},
       eprint = {astro-ph/9701218},
 primaryClass = {astro-ph},
       adsurl = {https://ui.adsabs.harvard.edu/abs/1997ApJ...481..710C},
      adsnote = {Provided by the SAO/NASA Astrophysics Data System}
}

@ARTICLE{Lauer2007Cusp,
       author = {{Lauer}, Tod R. and {Faber}, S.~M. and {Richstone}, Douglas and
         {Gebhardt}, Karl and {Tremaine}, Scott and {Postman}, Marc and
         {Dressler}, Alan and {Aller}, M.~C. and {Filippenko}, Alexei V. and
         {Green}, Richard},
        title = "{The Masses of Nuclear Black Holes in Luminous Elliptical Galaxies and Implications for the Space Density of the Most Massive Black Holes}",
      journal = {\apj},
     keywords = {Black Hole Physics, Galaxies: Nuclei, Galaxies: Structure, Astrophysics},
         year = "2007",
        month = "Jun",
       volume = {662},
       number = {2},
        pages = {808-834},
          doi = {10.1086/518223},
archivePrefix = {arXiv},
       eprint = {astro-ph/0606739},
 primaryClass = {astro-ph},
       adsurl = {https://ui.adsabs.harvard.edu/abs/2007ApJ...662..808L},
      adsnote = {Provided by the SAO/NASA Astrophysics Data System}
}

@ARTICLE{Graham2003Nuker,
       author = {{Graham}, Alister W. and {Erwin}, Peter and {Trujillo}, I. and
         {Asensio Ramos}, A.},
        title = "{A New Empirical Model for the Structural Analysis of Early-Type Galaxies, and A Critical Review of the Nuker Model}",
      journal = {\aj},
     keywords = {Galaxies: Elliptical and Lenticular, cD, Galaxies: Fundamental Parameters, Galaxies: Nuclei, Galaxies: Photometry, Galaxies: Structure, Astrophysics},
         year = "2003",
        month = "Jun",
       volume = {125},
       number = {6},
        pages = {2951-2963},
          doi = {10.1086/375320},
archivePrefix = {arXiv},
       eprint = {astro-ph/0306023},
 primaryClass = {astro-ph},
       adsurl = {https://ui.adsabs.harvard.edu/abs/2003AJ....125.2951G},
      adsnote = {Provided by the SAO/NASA Astrophysics Data System}
}

@ARTICLE{Thomas2014,
       author = {{Thomas}, J. and {Saglia}, R.~P. and {Bender}, R. and {Erwin}, P. and
         {Fabricius}, M.},
        title = "{The Dynamical Fingerprint of Core Scouring in Massive Elliptical Galaxies}",
      journal = {\apj},
     keywords = {galaxies: elliptical and lenticular, cD, galaxies: evolution, galaxies: kinematics and dynamics, galaxies: structure, Astrophysics - Astrophysics of Galaxies, Astrophysics - Cosmology and Nongalactic Astrophysics},
         year = "2014",
        month = "Feb",
       volume = {782},
       number = {1},
          eid = {39},
        pages = {39},
          doi = {10.1088/0004-637X/782/1/39},
archivePrefix = {arXiv},
       eprint = {1311.3783},
 primaryClass = {astro-ph.GA},
       adsurl = {https://ui.adsabs.harvard.edu/abs/2014ApJ...782...39T},
      adsnote = {Provided by the SAO/NASA Astrophysics Data System}
}

@ARTICLE{Quinlan1997,
       author = {{Quinlan}, Gerald D. and {Hernquist}, Lars},
        title = "{The dynamical evolution of massive black hole binaries {\textemdash} II. Self-consistent N-body integrations}",
      journal = {\na},
     keywords = {Astrophysics},
         year = "1997",
        month = "Dec",
       volume = {2},
       number = {6},
        pages = {533-554},
          doi = {10.1016/S1384-1076(97)00039-0},
archivePrefix = {arXiv},
       eprint = {astro-ph/9706298},
 primaryClass = {astro-ph},
       adsurl = {https://ui.adsabs.harvard.edu/abs/1997NewA....2..533Q},
      adsnote = {Provided by the SAO/NASA Astrophysics Data System}
}

@ARTICLE{Milosavljevic2001,
       author = {{Milosavljevi{\'c}}, Milo{\v{s}} and {Merritt}, David},
        title = "{Formation of Galactic Nuclei}",
      journal = {\apj},
     keywords = {Black Hole Physics, Galaxies: Nuclei, Stellar Dynamics, Astrophysics, General Relativity and Quantum Cosmology},
         year = "2001",
        month = "Dec",
       volume = {563},
       number = {1},
        pages = {34-62},
          doi = {10.1086/323830},
archivePrefix = {arXiv},
       eprint = {astro-ph/0103350},
 primaryClass = {astro-ph},
       adsurl = {https://ui.adsabs.harvard.edu/abs/2001ApJ...563...34M},
      adsnote = {Provided by the SAO/NASA Astrophysics Data System}
}








